<?xml version="1.0" encoding="utf-8"?>
<record xmlns="http://www.loc.gov/MARC21/slim" xmlns:xsi="http://www.w3.org/2001/XMLSchema-instance" xsi:schemaLocation="http://www.loc.gov/MARC21/slim http://www.loc.gov/standards/marcxml/schema/MARC21slim.xsd">
	<leader>     nam a22     Mi 4500</leader>
	<controlfield tag="001">b12470399</controlfield>
	<controlfield tag="003">LeBAU</controlfield>
	<controlfield tag="006">m        d        </controlfield>
	<controlfield tag="007">cr cn |||m|||a</controlfield>
	<controlfield tag="008">210616s1954    ua      ob    000 0 ara  </controlfield>
	<datafield ind1=" " ind2=" " tag="040">
		<subfield code="a">ZYU</subfield>
		<subfield code="b">ara</subfield>
		<subfield code="e">rda</subfield>
		<subfield code="c">ZYU</subfield>
	</datafield>
	<datafield ind1="0" ind2="4" tag="082">
		<subfield code="a">396</subfield>
		<subfield code="2">20</subfield>
	</datafield>
	<datafield ind1="1" ind2=" " tag="100">
		<subfield code="6">880-01</subfield>
		<subfield code="a">Albānī, Muḥammad Nāṣir al-Dīn.</subfield>
		<subfield code="e">author.</subfield>
		<subfield code="0">https://lccn.loc.gov/n81026566 ,</subfield>
	</datafield>
	<datafield ind1="1" ind2="0" tag="245">
		<subfield code="6">880-02</subfield>
		<subfield code="a">Ḥijāb al-marʼah al-Muslimah fī al-kitāb wa al-sunnah /</subfield>
		<subfield code="c">Muḥammad Nāṣir al-Dīn al-Albānī al-Sāʻāti.</subfield>
	</datafield>
	<datafield ind1=" " ind2="1" tag="264">
		<subfield code="6">880-03</subfield>
		<subfield code="a">al-Qāhirah :</subfield>
		<subfield code="b">al-Maṭbaʻah al-Salafīyah,</subfield>
		<subfield code="c">1374 [H.], [1954? M.]</subfield>
	</datafield>
	<datafield ind1=" " ind2=" " tag="300">
		<subfield code="6">880-04</subfield>
		<subfield code="a">online resource (104 pages)</subfield>
	</datafield>
	<datafield ind1=" " ind2=" " tag="336">
		<subfield code="a">text</subfield>
		<subfield code="2">rdacontent</subfield>
	</datafield>
	<datafield ind1=" " ind2=" " tag="337">
		<subfield code="a">computer</subfield>
		<subfield code="2">rdamedia</subfield>
	</datafield>
	<datafield ind1=" " ind2=" " tag="338">
		<subfield code="a">online resource</subfield>
		<subfield code="2">rdacarrier</subfield>
	</datafield>
	<datafield ind1=" " ind2=" " tag="500">
		<subfield code="a">في رأس العنوان: لجنة الشباب المسلم.</subfield>
	</datafield>
	<datafield ind1=" " ind2=" " tag="500">
		<subfield code="a">Part of the Arabic Collections Online (ACO) project, contributed by American University of Beirut's Jafet Memorial Library.</subfield>
	</datafield>
	<datafield ind1=" " ind2=" " tag="504">
		<subfield code="a">يتضمن مراجع ببليوغرافية (صفحات 99-104)</subfield>
	</datafield>
	<datafield ind1=" " ind2=" " tag="533">
		<subfield code="a">Electronic reproduction.</subfield>
		<subfield code="b">New York, N.Y. :</subfield>
		<subfield code="c">New York University,</subfield>
		<subfield code="d">2021.</subfield>
		<subfield code="5">NNU</subfield>
	</datafield>
	<datafield ind1=" " ind2="4" tag="650">
		<subfield code="a">الحجاب (الملابس الاسلامية)</subfield>
	</datafield>
	<datafield ind1=" " ind2="4" tag="650">
		<subfield code="a">المرأة في الاسلام.</subfield>
	</datafield>
	<datafield ind1=" " ind2="4" tag="650">
		<subfield code="a">المرأة المسلمة</subfield>
		<subfield code="x">السلوك الحياتي.</subfield>
	</datafield>
	<datafield ind1=" " ind2="4" tag="650">
		<subfield code="a">الملابس والثياب</subfield>
		<subfield code="x">النواحي الدينية</subfield>
		<subfield code="x">الاسلام.</subfield>
	</datafield>
	<datafield ind1=" " ind2="4" tag="650">
		<subfield code="a">المرأة المسلمة</subfield>
		<subfield code="x">الحياة الاجتماعية والعادات.</subfield>
	</datafield>
	<datafield ind1=" " ind2="4" tag="650">
		<subfield code="a">الاسلام</subfield>
		<subfield code="x">العادات والممارسات.</subfield>
	</datafield>
	<datafield ind1=" " ind2="0" tag="650">
		<subfield code="a">Hijab (Islamic clothing)</subfield>
	</datafield>
	<datafield ind1=" " ind2="0" tag="650">
		<subfield code="a">Women in Islam.</subfield>
	</datafield>
	<datafield ind1=" " ind2="0" tag="650">
		<subfield code="a">Muslim women</subfield>
		<subfield code="x">Conduct of life.</subfield>
	</datafield>
	<datafield ind1=" " ind2="0" tag="650">
		<subfield code="a">Clothing and dress</subfield>
		<subfield code="x">Religious aspects</subfield>
		<subfield code="x">Islam.</subfield>
	</datafield>
	<datafield ind1=" " ind2="0" tag="650">
		<subfield code="a">Muslim women</subfield>
		<subfield code="x">Social life and customs.</subfield>
	</datafield>
	<datafield ind1=" " ind2="0" tag="650">
		<subfield code="a">Islam</subfield>
		<subfield code="x">Customs and practices.</subfield>
	</datafield>
	<datafield ind1="2" ind2=" " tag="710">
		<subfield code="a">Jafet Memorial Library.</subfield>
	</datafield>
	<datafield ind1="0" ind2=" " tag="730">
		<subfield code="a">Arabic Collections Online.</subfield>
	</datafield>
	<datafield ind1="0" ind2="8" tag="775">
		<subfield code="6">880-05</subfield>
		<subfield code="i">has designation of a named revision of an edition</subfield>
		<subfield code="4">http://rdaregistry.info/Elements/m/P30132 :</subfield>
		<subfield code="a">Albānī, Muḥammad Nāṣir al-Dīn.</subfield>
		<subfield code="t">Ḥijāb al-marʼah al-Muslimah fī al-kitāb wa al-sunnah.</subfield>
		<subfield code="b">al-Ṭabʻah al-thāniyah, wa-fīhā taḥqīqāt wa-ziyādāt mufīdah.</subfield>
		<subfield code="d">Bayrūt : al-Maktab al-Islāmī, 1965</subfield>
		<subfield code="w">(LEAUB)b21063801</subfield>
	</datafield>
	<datafield ind1="0" ind2="8" tag="776">
		<subfield code="i">Print version:</subfield>
		<subfield code="a">Albānī, Muḥammad Nāṣir al-Dīn. author. https://lccn.loc.gov/n81026566 ,</subfield>
		<subfield code="t">Ḥijāb al-marʼah al-Muslimah fī al-kitāb wa al-sunnah</subfield>
		<subfield code="w">(LeBAU)b12470399</subfield>
	</datafield>
	<datafield ind1="4" ind2="0" tag="856">
		<subfield code="u">http://hdl.handle.net/2333.1/wstqk1q2</subfield>
	</datafield>
	<datafield ind1="1" ind2=" " tag="880">
		<subfield code="6">100-01</subfield>
		<subfield code="a">الألباني، محمد ناصر الدين،</subfield>
		<subfield code="0">https://lccn.loc.gov/n81026566 ,</subfield>
		<subfield code="e">مؤلف. </subfield>
		<subfield code="4">aut.</subfield>
	</datafield>
	<datafield ind1="1" ind2="0" tag="880">
		<subfield code="6">245-02</subfield>
		<subfield code="a">حجاب المرأة المسلمة في الكتاب والسنة /</subfield>
		<subfield code="c">محمد ناصر الدين الألباني الساعاتي.</subfield>
	</datafield>
	<datafield ind1=" " ind2="1" tag="880">
		<subfield code="6">264-03</subfield>
		<subfield code="a">القاهرة :</subfield>
		<subfield code="b">المطبعة السلفية،</subfield>
		<subfield code="c">1374 [هـ.]، 1954 [م.]</subfield>
	</datafield>
	<datafield ind1=" " ind2=" " tag="880">
		<subfield code="6">300-04</subfield>
		<subfield code="a">104 صفحات ؛</subfield>
		<subfield code="c">22 سم</subfield>
	</datafield>
	<datafield ind1="0" ind2="8" tag="880">
		<subfield code="6">775-05</subfield>
		<subfield code="i">دلالة على طبعة منقحة</subfield>
		<subfield code="4">http://rdaregistry.info/Elements/m/P30132 :</subfield>
		<subfield code="a">الألباني، محمد ناصر الدين.</subfield>
		<subfield code="t">حجاب المرأة المسلمة في الكتاب والسنة.</subfield>
		<subfield code="b">الطبعة الثانية، وفيها تحقيقات وزيادات مفيدة.</subfield>
		<subfield code="d">بيروت : المكتب الاسلامي، 1965</subfield>
		<subfield code="w">(LEAUB)b21063801</subfield>
	</datafield>
	<datafield ind1=" " ind2=" " tag="959">
		<subfield code="a">NNU</subfield>
		<subfield code="b">WEB</subfield>
		<subfield code="c">GENI</subfield>
		<subfield code="t">0</subfield>
		<subfield code="m">Electronic access</subfield>
		<subfield code="s">01</subfield>
	</datafield>
	<datafield ind1=" " ind2=" " tag="999">
		<subfield code="i">LeBAU_b12470399</subfield>
		<subfield code="s">aub_aco004317</subfield>
		<subfield code="e">(ERROR-MISC)</subfield>
	</datafield>
</record>
